@article{Demsar2016BalancedMixture,
    title = {{A Balanced Mixture of Antagonistic Pressures Promotes the Evolution of Parallel Movement}},
    year = {2016},
    journal = {Scientific Reports},
    author = {Dem{\v{s}}ar, Jure and {\v{S}}trumbelj, Erik and Lebar Bajec, Iztok},
    volume = {6},
    doi = {10.1038/srep39428}
}

@article{Demsar2017LinguisticEvolution,
    title = {{Evolution of Collective Behaviour in an Artificial World Using Linguistic Fuzzy Rule-Based Systems}},
    year = {2017},
    journal = {PLoS ONE},
    author = {Dem{\v{s}}ar, Jure and Lebar Bajec, Iztok},
    number = {1},
    pages = {1--20},
    volume = {12},
    doi = {10.1371/journal.pone.0168876}
}

@article{wang2019multi,
  title={Multi-passage bert: A globally normalized bert model for open-domain question answering},
  author={Wang, Zhiguo and Ng, Patrick and Ma, Xiaofei and Nallapati, Ramesh and Xiang, Bing},
  journal={arXiv preprint arXiv:1908.08167},
  year={2019}
}

@inproceedings{rajpurkar-etal-2016-squad,
    title = "{SQ}u{AD}: 100,000+ Questions for Machine Comprehension of Text",
    author = "Rajpurkar, Pranav  and
      Zhang, Jian  and
      Lopyrev, Konstantin  and
      Liang, Percy",
    booktitle = "Proceedings of the 2016 Conference on Empirical Methods in Natural Language Processing",
    month = nov,
    year = "2016",
    address = "Austin, Texas",
    publisher = "Association for Computational Linguistics",
    url = "https://aclanthology.org/D16-1264",
    doi = "10.18653/v1/D16-1264",
    pages = "2383--2392",
}

@inproceedings{richardson2013mctest,
  title={Mctest: A challenge dataset for the open-domain machine comprehension of text},
  author={Richardson, Matthew and Burges, Christopher JC and Renshaw, Erin},
  booktitle={Proceedings of the 2013 conference on empirical methods in natural language processing},
  pages={193--203},
  year={2013}
}

@article{quarc,
author = {Riloff, Ellen and Thelen, Michael},
year = {2000},
month = {05},
pages = {},
title = {Rule-based question answering system for reading comprehension tests},
volume = {6},
journal = {ANLP/NAACL-2000 Workshop on Reading Comprehension Tests as Evaluation for Computer-Based Language Understanding Systems},
doi = {10.3115/1117595.1117598}
}

@article{watson, title={Building Watson: An Overview of the DeepQA Project}, volume={31}, url={https://ojs.aaai.org/index.php/aimagazine/article/view/2303}, DOI={10.1609/aimag.v31i3.2303}, number={3}, journal={AI Magazine}, author={Ferrucci, David and Brown, Eric and Chu-Carroll, Jennifer and Fan, James and Gondek, David and Kalyanpur, Aditya A. and Lally, Adam and Murdock, J. William and Nyberg, Eric and Prager, John and Schlaefer, Nico and Welty, Chris}, year={2010}, month={Jul.}, pages={59-79} }